%%%%%%%%%%%%%%%%%%%%%%%%%%%%%%%%%%%%%%%%%%%%%%%%%%%%%%%%%%%%%%%%%%%%%%%%%%
% Referencias bibliograficas utilizadas
% Para mais informações ver documentação do abntex2 e http://www.bibtex.org/
%%%%%%%%%%%%%%%%%%%%%%%%%%%%%%%%%%%%%%%%%%%%%%%%%%%%%%%%%%%%%%%%%%%%%%%%%%

% https://github.com/AdrianoRuseler/abntex2-modelo-experimento/blob/master/abntex2-modelo-references.bib

% É importante observar que em casos onde o nome do autor ou organização tem acentos é importante fazer na forma separada \'e \~a de forma que a versão em maiúsculas fique correta.


% Encoding: UTF-8

@Article{Oracle1997,
  author  = {Sun{ }Microsystems,{ }Inc},
  title   = "{Java Coding Conventions}",
  year    = 1997,
  url = {https://web.archive.org/web/20210808175916/https://www.oracle.com/technetwork/java/codeconventions-150003.pdf},
  urlaccessdate = {2 jun. 2021},
}

@Article{AmazonEC2,
  author  = {Amazon},
  journal = {},
  year    = 2021,
  title   = "{Preço sob demanda do Amazon EC2}",
  url = {https://web.archive.org/web/20210808180220/https://aws.amazon.com/pt/ec2/pricing/on-demand/},
 urlaccessdate = {7 jun. 2021},
}

@Article{Devopedia2020,
  author  = {Arvind PADMANABHAN},
  journal = {Devopedia},
  title   = "{Convention over Configuration}",
  year    = {2020},
  url = {https://web.archive.org/web/20210808180431/https://devopedia.org/convention-over-configuration},
   urlaccessdate = {8 ago. 2021},
}

@Article{Michaelis,
	author  = {Editora Melhoramentos},
	journal = {UOL},
	title   = "{Organização}",
	year    = {2021},
}

@Article{PlanejamentoFinanceiroFamiliar,
	author  = {COLELLA, Mariana Trivia},
	journal = {FAIT},
	title   = "{Planejamento Financeiro Familiar: A importância da organização e controle no orçamento familiar}",
	year    = {2015}
}

@Article{Towel,
	author  = {CONLEY, Kenneth},
	journal = {AAAI ORGANIZATION},
	title   = "{Towel: Towards an Intelligent To-Do List}",
	year = {2007}

}

@Article{GroceryList,
	author  = {N Au, G Marsden},
	journal = {Macmillan Publishers Limited},
	title   = "{The cost-effectiveness of shopping to a predetermined grocery list to reduce overweight and obesity}",
	year = {2013}
}

@Article{ComprasNaoPlanejadas,
	author  = {Angelo, Claudio},
	journal = {Revista de Administração Contemporânea},
	title   = "{As compras não planejadas em supermercados: a importância do tempo e da organização da loja na determinação dos gastos}",
	year = {2003},
}

@Article{Celular,
	author  = {Graça Adjuto},
	journal = {Agência Brasil},
	title   = "{Celular é o principal meio de acesso à internet no país}",
	year = {2018},
	url = {https://web.archive.org/web/20210808181313/https://agenciabrasil.ebc.com.br/economia/noticia/2020-04/celular-e-o-principal-meio-de-acesso-internet-no-pais},
	urlaccessdate = {8 ago. 2021},
}

@Article{MobileApps,
	author  = {Seung-Ho, Lim},
	journal = {International Journal of Multimedia and Ubiquitous Engineering},
	title   = "{Experimental Comparison of Hybrid and Native Applications for Mobile Systems}",
	year = {2015}
}

@Article{TDD,
  author  = {Mauricio Aniche},
  journal = {},
  title   = {Test Driven Development},
  year    = {2014},
  url = {https://web.archive.org/web/20210808181449/https://tdd.caelum.com.br/},
   urlaccessdate = {3 jun. 2021},
}

@misc{leigpd,
  Author = {Brasil},
  title = {Lei Geral de Proteção de Dados},
  url = {https://web.archive.org/web/20210808182751/http://www.planalto.gov.br/ccivil_03/_ato2015-2018/2018/lei/l13709.htm},
  urlaccessdate = {7 jun. 2021},
  Year = {2018}
}

@article{gartnerResearch,
author = {Gartner},
year = {2019},
month = {08},
pages = {},
title = "{API Security: What You Need to Do to Protect Your API's}",
url = {https://web.archive.org/web/20210808183306/https://www.gartner.com/en/documents/3956746/api-security-what-you-need-to-do-to-protect-your-apis},
urlaccessdate = {8 ago. 2021},
}

@Article{TeoriasConsumidor,
  author  = {Couto, Denise},
  journal = {},
  title   = "{Comportamento de Compra e Consumo}",
  year    = 2014,
  url = {https://web.archive.org/web/20210808183605/https://avant.grupont.com.br/dirVirtualLMS//portais/livros/pdfs_demo/comportamento_de_compra_e_consumo_demo.pdf},
  urlaccessdate = {22 jun. 2021},
}

@Article{APAS,
  author  = {APAS},
  journal = {APAS Show},
  title   = "{Pesquisa mostra tendências e comportamento do consumidor de supermercado}",
  year    = 2018,
  url = {https://web.archive.org/web/20210808193225/https://outline.com/WJfH4v/},
   urlaccessdate = {8 ago. 2021},
}

@Article{Dotz,
  author  = {Tecchio, Manuela},
  journal = {CNN Business},
  title   = "{Em isolamento, brasileiro vai menos ao mercado e compra o básico, mostra estudo}",
  year    = 2020,
  url  = {https://web.archive.org/web/20210808193657/https://www.cnnbrasil.com.br/business/2020/04/17/em-isolamento-brasileiro-vai-menos-ao-mercado-e-compra-o-basico-mostra-estudo},
  urlaccessdate = {8 ago. 2021},
}

@Article{Asserj,
  author  = {Mercado e Consumo},
  journal = {Mercado e Consumo},
  title   = "{Consumidor só enche o carrinho do supermercado uma vez no mês}",
  year    = 2021,
  url = {https://web.archive.org/web/20210808193903/https://mercadoeconsumo.com.br/2021/04/29/consumidor-so-enche-o-carrinho-do-supermercado-uma-vez-no-mes/},
    urlaccessdate = {8 ago. 2021},
}

@Article{NielsenBrasil,
  author  = {Almeida, Cassia},
  journal = {O Globo},
  title   = "{Confinadas em razão da pandemia, famílias mudam hábitos e compram mais alimentos}",
  year = 2020,
  url = {https://web.archive.org/web/20210808194109/https://oglobo.globo.com/economia/confinadas-em-razao-da-pandemia-familias-mudam-habitos-compram-mais-alimentos-24419717},
    urlaccessdate = {8 ago. 2021},
}

@Article{SPC,
  author  = {SPC Brasil},
  title   = "{33% das compras feitas por impulso são de supermercado, apontam SPC Brasil e CNDL}",
  year    = 2015,
  url = {http://archive.today/2021.08.08-200755/https://www.spcbrasil.org.br/pesquisas/pesquisa/7127},
urlaccessdate = {8 ago. 2021},
}

@Article{Akatu,
  author  = {Muniz, Carolina},
  journal = {UOL},
  title   = "{Quase 30% das compras de mercado vão para o lixo; veja como economizar}",
  year    =  2017,
  url = {https://web.archive.org/web/20200922180507/https://www1.folha.uol.com.br/sobretudo/morar/2017/09/1921059-quase-30-das-compras-de-mercado-vao-para-o-lixo-veja-como-economizar.shtml},
  urlaccessdate = {8 ago. 2021},
} 
@Article{PesquisaAPAS,
  author  = {APAS},
  journal = {APAS Show},
  title   = "{Destaques da Pesquisa Tendência do Consumidor APAS/IBOPE}",
  year    = 2018,
  url = {http://archive.today/2021.08.08-200702/https://portalapas.org.br/wp-content/uploads/2018/05/Pesquisa-Tend%C3%AAncias-do-consumidor-2018.pdf},
  urlaccessdate = {8 ago. 2021},
}

@Article{MetaFinanceiraSPC,
  author  = {SPC Brasil},
  journal = {SPC Brasil},
  title   = "{Guardar dinheiro é a principal meta financeira do brasileiro para 2020, mostra pesquisa CNDL/SPC Brasil}",
  year    = 2019,
  url = {https://web.archive.org/web/20210123040050/https://www.spcbrasil.org.br/pesquisas/pesquisa/7127},
  urlaccessdate = {8 ago. 2021},
}

@Article{DespesaSPC,
  author  = {SPC Brasil},
  journal = {SPC Brasil},
  title   = "{Em cada dez brasileiros, apenas um tem renda suficiente para pagar despesas de início de ano, mostra pesquisa CNDL/SPC Brasil}",
  year    = 2020,
  url = {https://web.archive.org/web/20210123040050/https://www.spcbrasil.org.br/pesquisas/pesquisa/7127},
   urlaccessdate = {8 ago. 2021},
}

@Article{Endividados,
  author  = {Filgueiras, Isabel},
  journal = {Valor investe},
  title   = "{Endividados têm 4 vezes mais chances de ter depressão e 8 vezes mais de não dormir bem}",
  year    = 2019,
  url = {https://web.archive.org/web/20200813031935/https://valorinveste.globo.com/objetivo/organize-as-contas/noticia/2019/05/21/endividados-tem-4-vezes-mais-chances-de-ter-depressao-e-8-vezes-mais-de-nao-dormir-bem.ghtml},
  urlaccessdate = {8 ago. 2021},
}

@Article{GoogleAdMob,
  author  = {Google},
  journal = {},
  year    = 2021,
  title   = "{Quanto é possível lucrar com a AdMob}",
  url = {https://web.archive.org/web/20210124062731/https://admob.google.com/intl/pt-BR_br/home/resources/how-much-revenue-can-you-earn-from-admob/},
  urlaccessdate   = {07 jun. 2021}
}

@BOOK{Frankenberg,
  author={Frankenbeg, Louis},
  title={Seu Futuro Financeiro},
  publisher={Campus},
  address={Rio de Janeiro, RJ},
  year={1999},
}

@BOOK{Cerbasi,
  author={Cerbasi, Gustavo},
  title={Dinheiro: os segredos de quem tem},
  publisher={Sextante},
  address={Rio de Janeiro, RJ},
  year={2005},
}

@Article{Grussner,
  author  = {Grüssner, Paula Medaglia},
  year    = 2007,
  title   = "{Administrando as finanças pessoais para criação de patrimônio}",
  url = {https://web.archive.org/web/20160122154644/http://www.lume.ufrgs.br/bitstream/handle/10183/21978/000635996.pdf},
}

@BOOK{Kiyosaki,
  author={Kiyosaki, Robert and Lechter, Sharon},
  title={Pai Rico, Pai Pobre Para Jovens: O que a escola não ensina sobre dinheiro},
  publisher={Alta Books},
  address={Rio de Janeiro, RJ},
  year={2004},
}

@Article{FeComercio,
  author  = {FeComercio},
  year    = 2021,
  title   = "{Pesquisa de Endividamento e Inadimplência do Consumidor}",
  url = {https://web.archive.org/web/20210301191407/https://www.fecomercio.com.br/pesquisas/indice/peic},
    urlaccessdate = {8 ago. 2021},
  }
  
@Article{Bader,
  author  = {Bader, Marcos and Savóia, José Roberto Ferreira},
  year    = 2013,
  title   = "{Inclusão financeira: como a tecnologia e a modernização das transações bancárias impulsionam a economia e transformam a relação do mundo com o dinheiro}",
  url={https://web.archive.org/web/20210808195614/https://repositorio.usp.br/item/002436516},
  urlaccessdate = {8 ago. 2021},
}

@Article{CadernoEducacaoFinanceira,
  author  = {Banco Central do Brasil},
  year    = 2013,
  title   = "{Caderno de Educação Financeira Gestão de Finanças Pessoais}",
  url={http://web.archive.org/web/20211103013106/https://www.bcb.gov.br/content/cidadaniafinanceira/documentos_cidadania/Cuidando_do_seu_dinheiro_Gestao_de_Financas_Pessoais/caderno_cidadania_financeira.pdf},
  urlaccessdate = {8 ago. 2021},
}

@Article{Desperdicio1,
  author  = {Alimentação em Foco},
  year    = 2020,
  title   = "{O que o Brasil está fazendo contra o desperdício de alimentos}",
  url={https://web.archive.org/web/20210617221133/https://alimentacaoemfoco.org.br/o-que-o-brasil-esta-fazendo-contra-o-desperdicio-de-alimentos/},
  urlaccessdate = {8 ago. 2021}
}

@Article{Desperdicio2,
  author  = {Rodrigues, Márcia},
  year    = 2020,
  journal = {Notícias R7},
  title   = "{Brasil desperdiça 41 mil toneladas de alimentos por dia. Como evitar?}",
  url={http://web.archive.org/web/20210622062836/https://noticias.r7.com/economia/economize/brasil-desperdica-41-mil-toneladas-de-alimentos-por-dia-como-evitar-03112020},
  urlaccessdate = {8 ago. 2021}
}

@Article{RendaPerCapita,
  author  = {Passarelli, Hugo},
  year    = 2021,
  journal = {Valor Investe},
  title   = "{Renda média do brasileiro caiu 11\% no primeiro trimestre de 2021, aponta estudo}",
url={https://web.archive.org/web/20210614200816/https://valorinveste.globo.com/mercados/brasil-e-politica/noticia/2021/06/14/renda-media-do-brasileiro-caiu-11percent-no-primeiro-trimestre-de-2021-aponta-estudo.ghtml},
  urlaccessdate = {8 ago. 2021}
}

@Article{SEBRAE,
  author  = {SEBRAE},
  year    = 2019,
  title   = "{Viabilidade Financeira}",
  url={https://web.archive.org/web/20211108000307/https://www.sebrae.com.br/sites/PortalSebrae/ufs/pr/artigos/viabilidade-financeira,4e8ccd18a819d610VgnVCM1000004c00210aRCRD},
  urlaccessdate = {13 nov. 2021}
}

@BOOK{Sommerville,
  author={Sommerville, Ian},
  title={Engenharia de Software},
  publisher={Pearson},
  address={São Paulo, SP},
  year={2011},
}

@Article{MozillaSec,
  author={Mozilla Foundation},
  year=2018,
  title="{Web Security}",
  url = {https://web.archive.org/web/20211117152744/https://infosec.mozilla.org/guidelines/web_security.html},
  urlaccessdate={9 nov. 2021}
}

@Article{SchwaberSutherland,
  author  = {Schwaber, Ken and Sutherland, Jeff},
  year    = 2020,
  title   = "{The Scrum Guide}",
  url={https://web.archive.org/web/20211211005316/https://scrumguides.org/docs/scrumguide/v2020/2020-Scrum-Guide-US.pdf},
  urlaccessdate = {10 dez. 2021},
}

@BOOK{kanbanAndScrum,
  author  = {Skarin, Mattias and Kniberg, Henrik},
  title   = "{Kanban and Scrum: Making the Most of Both}",
  publisher={C4Media},
  year    = 2010,
}

@Comment{jabref-meta: databaseType:bibtex;}

